<?xml version="1.0" encoding="UTF-8"?><collection xmlns="http://www.loc.gov/MARC21/slim"><record><leader>00407nam--2200145-i-4500</leader><controlfield tag="001">000008251</controlfield><controlfield tag="002">20161230</controlfield><controlfield tag="005">20170305211914</controlfield><controlfield tag="008">060222s1000------------r-----000-0-eng-d</controlfield><datafield ind1=" " ind2=" " tag="245"><subfield code="a">Cargese lectures in theoretical physics./1964/ Statistical mechanics</subfield></datafield><datafield ind1=" " ind2=" " tag="260"><subfield code="a">New York</subfield><subfield code="b">Gordon And Breach</subfield><subfield code="c">1966</subfield></datafield><datafield ind1=" " ind2=" " tag="300"><subfield code="a">IX + 235 p</subfield></datafield><datafield ind1=" " ind2=" " tag="700"><subfield code="a">Jancovici, Bernard</subfield></datafield><datafield ind1=" " ind2=" " tag="852"><subfield code="a">531.19</subfield></datafield><datafield ind1=" " ind2=" " tag="CAT"><subfield code="a">SYS</subfield><subfield code="c">20170305</subfield><subfield code="h">211914</subfield></datafield></record></collection>